@article{SSD,
  title={SSD: Single Shot MultiBox Detector},
  author={Liu, Wei and Anguelov, Dragomir and Erhan, Dumitru and Szegedy, Christian and Reed, Scott and Fu, Cheng Yang and Berg, Alexander C},
  year={2016},
}

@article{ASSD,
  title={ASSD: Attentive Single Shot Multibox Detector},
  author={Yi, Jingru and Wu, Pengxiang and Metaxas, Dimitris N},
  journal={Computer Vision and Image Understanding},
  year={2019},
}

@inproceedings{FRCNN,
  title={Fast R-CNN},
  author={Girshick, Ross},
  booktitle={2015 IEEE International Conference on Computer Vision (ICCV)},
  year={2016},
}

@article{Faster,
  title={Faster R-CNN: Towards Real-Time Object Detection with Region Proposal Networks},
  author={Ren, Shaoqing and He, Kaiming and Girshick, Ross and Sun, Jian},
  journal={IEEE Transactions on Pattern Analysis and Machine Intelligence},
  volume={39},
  number={6},
  pages={1137-1149},
  year={2017},
}

@article{RCNN,
  title={Rich feature hierarchies for accurate object detection and semantic segmentation},
  author={Girshick R, Donahue J, Darrell T},
  journal={CVPR. IEEE, 2014},
  year={2014},
}

@article{YOLO,
  title={You Only Look Once: Unified, Real-Time Object Detection},
  author={Redmon, Joseph and Divvala, Santosh and Girshick, Ross and Farhadi, Ali},
  year={2015},
}

@article{AlexNet,
  title={ImageNet Classification with Deep Convolutional Neural Networks},
  author={Krizhevsky, Alex and Sutskever, I. and Hinton, G.},
  journal={Advances in neural information processing systems},
  volume={25},
  number={2},
  year={2012},
}

@article{Deep,
  title={Deep learning},
  author={Lecun, Y and Bengio, Y and Hinton, G},
  journal={Nature},
  volume={521},
  number={7553},
  pages={436},
  year={2015},
}

@inproceedings{HOG,
  title={An HOG-LBP human detector with partial occlusion handling},
  author={Wang, Xiaoyu and Han, Tony X. and Yan, Shuicheng},
  booktitle={IEEE International Conference on Computer Vision},
  year={2009},
}

@article{Resnet,
  title={Inception-v4, Inception-ResNet and the Impact of Residual Connections on Learning},
  author={Szegedy, Christian and Ioffe, Sergey and Vanhoucke, Vincent},
  year={2016},
}

@article{LeNet,
  title={Gradient-based learning applied to document recognition},
  author={Lecun Y and Bottou L},
  journal={Proceedings of the IEEE},
  year={1998},
}

@article{ZFNet,
  title={Visualizing and Understanding Convolutional Networks},
  author={Zeiler, Matthew D and Fergus, Rob},
  year={2013},
}

@article{VGG,
  title={Very Deep Convolutional Networks for Large-Scale Image Recognition},
  author={Karen Simonyan, Andrew Zisserman},
  year={2014},
}

@article{Google,
  title={Going Deeper with Convolutions},
  author={Szegedy, Christian and Liu, Wei and Jia, Yangqing and Sermanet, Pierre and Reed, Scott and Anguelov, Dragomir and Erhan, Dumitru and Vanhoucke, Vincent and Rabinovich, Andrew},
  year={2014},
}

@article{MRCNN,
  title={Mask R-CNN},
  author={He Kaimingï¼Œ Gkioxari Georgia},
  year={2018},
}

@article{DES,
  title={Single-Shot Object Detection with Enriched Semantics},
  author={Zhang, Zhishuai and Qiao, Siyuan and Xie, Cihang and Shen, Wei and Wang, Bo and Yuille, Alan L},
  year={2017},
}

@article{DSSD,
  title={DSSD : Deconvolutional Single Shot Detector},
  author={Fu, Cheng Yang and Liu, Wei and Ranga, Ananth and Tyagi, Ambrish and Berg, Alexander C},
  year={2017},
}

@article{FSSD,
  title={FSSD: Feature Fusion Single Shot Multibox Detector},
  author={Li, Zuoxin and Zhou, Fuqiang},
  year={2017},
}

@article{CornerNet,
  title={CornerNet: Detecting Objects as Paired Keypoints},
  author={Law, Hei and Deng, Jia},
  journal={International Journal of Computer Vision},
  year={2018},
}

@article{STN,
  title={Classification based Grasp Detection using Spatial Transformer Network},
  author={Park, Dongwon and Chun, Se Young},
  year={2018},
}

@article{SENet,
  title={Hyperspectral remote sensing image classification using three-dimensional-squeeze-and-excitation-DenseNet (3D-SE-DenseNet)},
  author={Guandong  Li and Chunju  Zhang and Runmin  Lei and Xueying  Zhang and Zhourun  Ye and Xiaoli  Li},
  journal={Remote Sensing Letters},
}

@article{CBAM,
  title={CBAM: Convolutional Block Attention Module},
  author={Woo, Sanghyun and Park, Jongchan and Lee, Joon Young and Kweon, In So},
  year={2018},
}

@article{GCAM,
  title={Grad-CAM: Why did you say that?},
  author={Selvaraju, Ramprasaath R and Das, Abhishek and Vedantam, Ramakrishna and Cogswell, Michael and Parikh, Devi and Batra, Dhruv},
  year={2016},
}
